<?xml version="1.0" encoding="UTF-8"?><collection xmlns="http://www.loc.gov/MARC21/slim"><record><leader>00431nam--2200133-i-4500</leader><controlfield tag="001">000040198</controlfield><controlfield tag="002">20161230</controlfield><controlfield tag="005">20161230201042</controlfield><controlfield tag="008">060222s1000------------r-----000-0-eng-d</controlfield><datafield ind1=" " ind2=" " tag="080"><subfield code="a">621.039.56</subfield></datafield><datafield ind1=" " ind2=" " tag="100"><subfield code="a">Saluja,Jagdish K</subfield></datafield><datafield ind1=" " ind2=" " tag="245"><subfield code="a">Computational techniques and performance criteria for the optimum control of nuclear system dynamics. thesis</subfield></datafield><datafield ind1=" " ind2=" " tag="260"><subfield code="a">An Arbor, Michigan, Univ.Microfilms Inc.,1966. Xvi = 148 P</subfield></datafield><datafield ind1=" " ind2=" " tag="852"><subfield code="a">29906</subfield></datafield></record></collection>